@book{moon,
  title     = "Chaotic and Fractal Dynamics",
  author    = "Moon, Francis C",
  editor    = "Moon, Francis C",
  publisher = "John Wiley \& Sons",
  edition   =  2,
  month     =  Oct,
  year      =  1992,
  address   = "Nashville, Tennessee",
  language  = "en"
}

@article{dynamics,
	author = {Barrientos, Pablo G. and Rodr{\'\i}guez, J. {\'A}ngel and Ruiz-Herrera, Alfonso},
	date = {2017/12/01},
	date-added = {2022-10-21 05:38:49 -0400},
	date-modified = {2022-10-21 05:38:49 -0400},
	doi = {10.1007/s00285-017-1130-9},
	id = {Barrientos2017},
	isbn = {1432-1416},
	journal = {Journal of Mathematical Biology},
	number = {6},
	pages = {1655--1668},
	title = {{Chaotic Dynamics in the Seasonally Forced SIR Epidemic Model}},
	url = {https://doi.org/10.1007/s00285-017-1130-9},
	volume = {75},
	year = {2017},
	bdsk-url-1 = {https://doi.org/10.1007/s00285-017-1130-9}
 }

@article{subharm,
	author = {Smith, H.  L. },
	journal = {Journal of Mathematical Biology},
	number = {2},
	pages = {163--177},
	title = {{Subharmonic Bifurcation in an S-I-R Epidemic Model}},
	volume = {17},
	year = {1983}}
