@article{Haley,
    author = {Haley, Charles and Laney, Robin and Moffett, Jonathan and Nuseibeh, Bashar},
    year = {2006},
    month = {04},
    pages = {},
    title = "{Using Trust Assumptions with Security Requirements}",
    volume = {11(2)},
    journal = {Requirements Engineering},
    doi = {10.1007/s00766-005-0023-4}
}