@online{dictionary,
    author={Merriam-Webster},
    title="{Intelligence Definition \& Meaning}",
    url ="https://www.merriam-webster.com/dictionary/intelligence",
}

@book{brain,
    author={Halstead, Ward C.},
    title="{Brain and Intelligence: A Quantitative Study of the Frontal Lobes}",
    publisher={University of Chicago Press},
    year={1947}
}

@book{empathy,
    author="Lumbreras, Sara",
    editor="Fuller, Michael
    and Evers, Dirk
    and Runehov, Anne
    and S{\ae}ther, Knut-Willy",
    title="Strong Artificial Intelligence and Imago Hominis: The Risks of a Reductionist Definition of Human Nature",
    bookTitle="Issues in Science and Theology: Are We Special? Human Uniqueness in Science and Theology",
    year="2017",
    publisher="Springer",
    pages="157--168",
    isbn="978-3-319-62124-1",
    doi="10.1007/978-3-319-62124-1_11",
    url="https://doi.org/10.1007/978-3-319-62124-1_11"
}

@article{theology,
    author = {Radner, Ephraim},
    title = "{Artificial Intelligence: A Theological Perspective}",
    journal = {Toronto Journal of Theology},
    volume = {36},
    number = {1},
    pages = {81-83},
    year = {2020},
    doi = {10.3138/tjt-2020-0026},
    URL = {https://doi.org/10.3138/tjt-2020-0026},
    eprint = {https://doi.org/10.3138/tjt-2020-0026}
}

@inbook{atomic,
    author="Stonier, Tom",
    title={"Proto-Intelligence", in "Information and Meaning: An Evolutionary Perspective"},
    title={"Information and Meaning: An Evolutionary Perspective"},
    year="1997",
    publisher="Springer",
    pages="73--81",
    isbn="978-1-4471-0977-8",
    doi="10.1007/978-1-4471-0977-8_5",
    url="https://doi.org/10.1007/978-1-4471-0977-8_5"
}

@inbook{origin,
    author="Stonier, Tom",
    title={"The Physical Origin of Meaning", in "Information and Meaning: An Evolutionary Perspective"},
    title={"Information and Meaning: An Evolutionary Perspective"},
    year="1997",
    publisher="Springer",
    pages="119--130",
    isbn="978-1-4471-0977-8",
    doi="10.1007/978-1-4471-0977-8_5",
    url="https://doi.org/10.1007/978-1-4471-0977-8_5"
}

@book{info,
	author = {Tom Stonier},
	title = "{Information and Meaning an Evolutionary Perspective}",
	publisher = {Springer},
	year = {1997}
}

@book{random,
    author = {Masao Nagasawa},
    title = "{Stochastic Processes in Quantum Physics}",
    publisher = {Birkh√§user Basel},
	year = {2000},
    url = "https://doi.org/10.1007/978-3-0348-8383-2"
}
