@software{folium,
  author = {Folium},
  title = {{Basemap Data}},
  url = {https://python-visualization.github.io/folium/},
  version = {0.11.0},
  date = {2020-12-28},
}

@misc{bahn,
    author = {DeutscheBahn}, 
    title = {{ICE - Travel on Board a High-Speed Train}}, 
    url = {https://www.bahn.com/en/trains/ice-ice-sprinter},
    journal={bahn.com}
} 
    
@misc{jrpass,
    author = {JRPass},
    title = {{Shinkansen: Japanese Bullet Trains}},
    url = {https://www.jrpass.com/shinkansen-bullet-train}, 
    journal = {jrpass.com}
}
