@book{mobus,
    author = {Mobus, George E. and Kalton, Michael C.},
    title = {Principles of Systems Science},
    year = {2014},
    isbn = {1493919199},
    publisher = {Springer}
}